@misc{RefWorks:22,
	author={{Department of Development and Planning at Aalborg University}},
	title={EnergyPLAN version 13.0 (Software)},
	year={2017}
}
@article{RefWorks:23,
	author={Dadi Sveinbjörnsson and Sara Ben Amer-Allam and Anders Bavnhøj Hansen and Loui Algren and Allan Schrøder Pedersen},
	year={2017},
	month={6/1},
	title={Energy supply modelling of a low-CO2 emitting energy system: Case study of a Danish municipality},
	journal={Applied Energy},
	volume={195},
	pages={922-941},
	isbn={0306-2619},
	doi={https://doi-org.ez.statsbiblioteket.dk:12048/10.1016/j.apenergy.2017.03.086}
}
@article{RefWorks:24,
	author={Tue Damsø and Tyge Kjær and Thomas Budde Christensen},
	year={2016},
	month={2},
	title={Local climate action plans in climate change mitigation – examining the case of Denmark},
	journal={Energy Policy},
	volume={89},
	pages={74-83},
	isbn={0301-4215},
	doi={https://doi-org.ez.statsbiblioteket.dk:12048/10.1016/j.enpol.2015.11.013}
}
@book{RefWorks:25,
	author={Henrik Lund},
	year={2014},
	title={Renewable energy systems : a smart energy systems approach to the choice and modeling of 100 renewable solutions},
	publisher={Elsevier},
	address={Amsterdam},
	edition={Second edition},
	pages={362},
	isbn={9780124104235; 0124104231},
	language={eng}
}
@misc{RefWorks:27,
	author={{Aarhus Kommune - Teknik og Miljø}},
	title={Klimaplan 2016-2020},
	volume={2017},
	number={07/05},
	year = {2016}
}
@misc{RefWorks:28,
	author={{Aarhus Kommune - Teknik og Miljø}},
	title={På vejen mod fossilfrihed - Klimastrategi for Aarhus},
	yeare={2017},
	number={07-05}
}
@misc{RefWorks:30,
	author={{United Nations}},
	title={The Paris Agreement},
	volume={2017},
	number={05/15}
}
@misc{RefWorks:31,
	author={Aalborg University and Aarhus University and Østfold Research and Stanford University and Frankfurt Institute for Advanced Studies and Danfoss and the Danish District Heating Association and DONG Energy and EMD International and Energinet.dk and the Danish Energy Agencyand Haldor Topsøe and HMN Naturgas and Kamstrup and MP Pension and Statkraft and Aalborg CSP}, 
	title={RE-Invest – Renewable Energy Investment Strategies – A two-dimensional interconnectivity approach},
	year={2017},
	month={2017-05-16},
	volume={2017},
	number={05}
}
@article{RefWorks:32,
	author = 	 {H. Ibrahim and A. Ilinca and J. Perron},
	year = 	 {2008},
	month = 	 {June 2008},
	title = 	 {Energy storage systems—Characteristics and comparisons},
	journal = 	 {Renewable and Sustainable Energy Reviews},
	volume = 	 {12},
	number = 	 {5},
	pages = 	 {1221-1250},
	note = 	 {ID: 271969},
	isbn = 	 {1364-0321},
	doi={https://doi.org/10.1016/j.rser.2007.01.023}
}
@article{RefWorks:33,
	author={Alexander Buttler and Hartmut Spliethoff},
	title={Current status of water electrolysis for energy storage, grid balancing and sector coupling via power-to-gas and power-to-liquids: A review},
	journal={Renewable and Sustainable Energy Reviews},
	isbn={1364-0321},
	doi={https://doi-org.ez.statsbiblioteket.dk:12048/10.1016/j.rser.2017.09.003}
}
@article{RefWorks:34,
	author = 	 {A. G. Olabi},
	year = 	 {2017},
	month = 	 {1 October 2017},
	title = 	 {Renewable energy and energy storage systems},
	journal = 	 {Energy},
	volume = 	 {136},
	number = 	 {Supplement C},
	pages = 	 {1-6},
	note = 	 {ID: 271090},
	isbn = 	 {0360-5442},
	doi={https://doi-org.ez.statsbiblioteket.dk:12048/10.1016/j.energy.2017.07.054}
}
@article{RefWorks:35,
	author = 	 {Karsten Hedegaard and Brian Vad Mathiesen and Henrik Lund and Per Heiselberg},
	year = 	 {2012},
	month = 	 {November 2012},
	title = 	 {Wind power integration using individual heat pumps – Analysis of different heat storage options},
	journal = 	 {Energy},
	volume = 	 {47},
	number = 	 {1},
	pages = 	 {284-293},
	note = 	 {ID: 271090},
	isbn = 	 {0360-5442},
	doi={https://doi-org.ez.statsbiblioteket.dk:12048/10.1016/j.energy.2012.09.030}
}
@article{RefWorks:36,
	author = 	 {A. Arabkoohsar and G. B. Andresen},
	year = 	 {2017},
	month = 	 {1 May 2017},
	title = 	 {Dynamic energy, exergy and market modeling of a High Temperature Heat and Power Storage System},
	journal = 	 {Energy},
	volume = 	 {126},
	number = 	 {Supplement C},
	pages = 	 {430-443},
	note = 	 {ID: 271090},
	keywords = 	 {Smart energy; Dynamic modeling; Energy storage; District heating; Wind energy; Energy market},
	isbn = 	 {0360-5442},
	doi={https://doi-org.ez.statsbiblioteket.dk:12048/10.1016/j.energy.2017.03.065}
}
@article{RefWorks:37,
	author={Magnus Dahl and Adam Brun and Gorm B. Andresen},
	title={Decision rules for economic summer-shutdown of production units in large district heating systems},
	journal={Applied Energy},
	isbn={0306-2619},
	doi={https://doi-org.ez.statsbiblioteket.dk:12048/10.1016/j.apenergy.2017.09.040}
}
@article{RefWorks:38,
	author ={Gorm B. Andresen and Rolando A. Rodriguez and Sarah Becker and Martin Greiner},
	year ={2014},
	title ={The potential for arbitrage of wind and solar surplus power in Denmark},
	journal = 	 {Energy},
	volume = 	 {76},
	pages = 	 {49-58},
	note = 	 {ID: 271090},
	isbn = 	 {0360-5442},
}
@article{RefWorks:39,
	author = 	 {Dominik Heide and Lueder von Bremen and Martin Greiner and Clemens Hoffmann and Markus Speckmann and Stefan Bofinger},
	year = 	 {2010},
	month = 	 {November 2010},
	title = 	 {Seasonal optimal mix of wind and solar power in a future, highly renewable Europe},
	journal = 	 {Renewable Energy},
	volume = 	 {35},
	number = 	 {11},
	pages = 	 {2483-2489},
	note = 	 {ID: 271431},
	isbn = 	 {0960-1481},
	doi={https://doi.org/10.1016/j.renene.2010.03.012}
}
@article{RefWorks:40,
	author = 	 {Dominik Heide and Martin Greiner and Lüder von Bremen and Clemens Hoffmann},
	year = 	 {2011},
	month = 	 {September 2011},
	title = 	 {Reduced storage and balancing needs in a fully renewable European power system with excess wind and solar power generation},
	journal = 	 {Renewable Energy},
	volume = 	 {36},
	number = 	 {9},
	pages = 	 {2515-2523},
	note = 	 {ID: 271431},
	isbn = 	 {0960-1481},
	doi={https://doi.org/10.1016/j.renene.2011.02.009}
}
@article{RefWorks:41,
	author = 	 {S. Becker and R. A. Rodriguez and G. B. Andresen and S. Schramm and M. Greiner},
	year = 	 {2014},
	month = 	 {1 January 2014},
	title = 	 {Transmission grid extensions during the build-up of a fully renewable pan-European electricity supply},
	journal = 	 {Energy},
	volume = 	 {64},
	number = 	 {Supplement C},
	pages = 	 {404-418},
	note = 	 {ID: 271090},
	keywords = 	 {Energy system design; Large-scale integration of renewable power generation; Energy transition; Power transmission; Logistic growth},
	isbn = 	 {0360-5442},
	doi={https://doi.org/10.1016/j.energy.2013.10.010}
}
@article{RefWorks:42,
	author = 	 {Gorm B. Andresen and Anders A. Søndergaard and Martin Greiner},
	year = 	 {2015},
	month = 	 {15 December 2015},
	title = 	 {Validation of Danish wind time series from a new global renewable energy atlas for energy system analysis},
	journal = 	 {Energy},
	volume = 	 {93},
	number = 	 {Part 1},
	pages = 	 {1074-1088},
	note = 	 {ID: 271090},
	keywords = 	 {Wind power generation; Renewable energy atlas; Renewable energy system; Large-scale integration},
	isbn = 	 {0360-5442},
	doi={https://doi.org/10.1016/j.energy.2015.09.071}
}
@misc{RefWorks:43,
	author={{Department of Development and Planning at Aalborg University}},
	title={IDA's Energivision 2050, et intilligent 100 vedvarende energisystem},
	volume={2017},
	number={09-27}
}
@misc{RefWorks:44,
	author={{Department of Development and Planning at Aalborg University}},
	title={2050 Heat Roadmap Eurpoe: A low-carbon heation and cooling strategy},
	volume={2017},
	number={09-27}
}
@book{RefWorks:45,
	author={Svend Frederiksen and Sven Werner},
	year={2014},
	title={District heating and cooling},
	publisher={Studentlitteratur},
	address={Lund},
	pages={586},
	keywords={fjernvarme; fjernvameanlæg; køling; varmetransport; fordelingsanlæg; distribution},
	isbn={9789144085302},
	language={eng}
}
@misc{RefWorks:46,
	author = 	 {{The Danish Energy Agency}},
	title = 	 {LCOE calculator},
	year= 		 {2016}
}
@article{RefWorks:47,
	author = 	 {Manasseh Obi and S. M. Jensen and Jennifer B. Ferris and Robert B. Bass},
	year = 	 {2017},
	month = 	 {January 2017},
	title = 	 {Calculation of levelized costs of electricity for various electrical energy storage systems},
	journal = 	 {Renewable and Sustainable Energy Reviews},
	volume = 	 {67},
	number = 	 {Supplement C},
	pages = 	 {908-920},
	note = 	 {ID: 271969},
	isbn = 	 {1364-0321},
	doi={https://doi.org/10.1016/j.rser.2016.09.043}
}
@article{RefWorks:49,
	author = 	 {T. Schmidt and D. Mangold and H. Müller-Steinhagen},
	year = 	 {2004},
	month = 	 {January–March 2004},
	title = 	 {Central solar heating plants with seasonal storage in Germany},
	journal = 	 {Solar Energy},
	volume = 	 {76},
	number = 	 {1},
	pages = 	 {165-174},
	note = 	 {ID: 271459},
	isbn = 	 {0038-092X},
	doi={https://doi.org/10.1016/j.solener.2003.07.025}
}
@article{RefWorks:50,
	author={Zinko Heimo and Gebremedhin Alemayehu},
	title={Seasonal heat storage in district heating systems},
	year={2009},
	url={http://intraweb.stockton.edu/eyos/energy_studies/content/docs/effstock09/Session_11_1_Case20studies_Overviews/107.pdf}
}
@article{RefWorks:51,
	author = 	 {J. Xu and R. Z. Wang and Y. Li},
	year = 	 {2014},
	month = 	 {May 2014},
	title = 	 {A review of available technologies for seasonal thermal energy storage},
	journal = 	 {Solar Energy},
	volume = 	 {103},
	number = 	 {Supplement C},
	pages = 	 {610-638},
	note = 	 {ID: 271459},
	isbn = 	 {0038-092X},
	doi={https://doi.org/10.1016/j.solener.2013.06.006}
}
@techreport{RefWorks:52,
	author={FCH JU},
	year={2014},
	title={Multi - Annual Work Plan 2014 − 2020.},
	institution={Fuel Cells and Hydrogen Joint Undertaking}
}
@article{RefWorks:53,
	author = 	 {A. Arabkoohsar and G. B. Andresen},
	year = 	 {2017},
	month = 	 {1 May 2017},
	title = 	 {Design and analysis of the novel concept of high temperature heat and power storage},
	journal = 	 {Energy},
	volume = 	 {126},
	number = 	 {Supplement C},
	pages = 	 {21-33}
}
@techreport{RefWorks:54,
	author={{The International Renewable Energy Agency}},
	year={2017},
	title={Electric Storage and Renewables: Costs and Markets to 2030},
	institution={IRENA, International Renewable Energy Agency}
}
@techreport{RefWorks:55,
	year={2016},
	title={Technology Data for Generation of Electricity and District Heating, Energy Storage and Energy Carrier Generation and Conversion},
	institution={The Danish Energy Agency},
	author={{The Danish Energy Agency}},
	number={Energy Storage.xlsx}
}
@article{RefWorks:56,
	author = 	 {Kenneth Karlsson and Peter Meibom},
	year = 	 {2008},
	month = 	 {April 2008},
	title = 	 {Optimal investment paths for future renewable based energy systems—Using the optimisation model Balmorel},
	journal = 	 {International Journal of Hydrogen Energy},
	volume = 	 {33},
	number = 	 {7},
	pages = 	 {1777-1787},
	note = 	 {ID: 271472},
	isbn = 	 {0360-3199},
	doi={https://doi.org/10.1016/j.ijhydene.2008.01.031}
}
@article{RefWorks:57,
	author = 	 {Bjarne Bach and Jesper Werling and Torben Ommen and Marie Münster and Juan M. Morales and Brian Elmegaard},
	year = 	 {2016},
	month = 	 {15 July 2016},
	title = 	 {Integration of large-scale heat pumps in the district heating systems of Greater Copenhagen},
	journal = 	 {Energy},
	volume = 	 {107},
	number = 	 {Supplement C},
	pages = 	 {321-334},
	note = 	 {ID: 271090},
	keywords = 	 {Heat pumps; Balmorel; System analysis; District heating},
	isbn = 	 {0360-5442},
	doi={https://doi.org/10.1016/j.energy.2016.04.029}
}
@article{RefWorks:58,
	author = 	 {Sarah Becker and Bethany A. Frew and Gorm B. Andresen and Mark Z. Jacobson and Stefan Schramm and Martin Greiner},
	year = 	 {2015},
	month = 	 {1 March 2015},
	title = 	 {Renewable build-up pathways for the US: Generation costs are not system costs},
	journal = 	 {Energy},
	volume = 	 {81},
	number = 	 {Supplement C},
	pages = 	 {437-445},
	note = 	 {ID: 271090},
	isbn = 	 {0360-5442},
	doi={https://doi.org/10.1016/j.energy.2014.12.056}
}
@techreport{RefWorks:59,
	year={2016},	 
	title= {Technology data catalogue for energy plants - aug 2016 update},
	institution={The Danish Energy Agency},
	author={{The Danish Energy Agency}},
}
@article{RefWorks:61,
	author = 	 {D. Connolly and H. Lund and B. V. Mathiesen and M. Leahy},
	year = 	 {2010},
	month = 	 {April 2010},
	title = 	 {A review of computer tools for analysing the integration of renewable energy into various energy systems},
	journal = 	 {Applied Energy},
	volume = 	 {87},
	number = 	 {4},
	pages = 	 {1059-1082},
	note = 	 {ID: 271429},
	isbn = 	 {0306-2619},
	doi={https://doi.org/10.1016/j.apenergy.2009.09.026}
}
@thesis{RefWorks:62,
	author={Metz Dennis},
	title={Economic Evaluation of Energy Storage Systems and their Impact on Electricity Markets in a Smart-grid Context},
	year = {2016}
}
@misc{RefWorks:63,
	author={Finansministeriet},
	year={2013},
	month={31/05/2013},
	title={Ny og lavere samfundsøkonomisk diskonteringsrente},
	url ={https://www.fm.dk/nyheder/pressemeddelelser/2013/05/ny-og-lavere-samfundsoekonomisk-diskonteringsrente}
}
@techreport{RefWorks:64,
	author = 	 {Energistyrrelsen},
	institution = {Energistyrrelsen},
	year = 	 {2017},
	title = {Samfundsøkonomiske beregningsforudsætninger for energipriser og emissioner}
}
@techreport{RefWorks:65,
	author = 	 {Henrik Wenzel},
	year = 	 {2010},
	title = {Breaking the biomass bottleneck of the fossil free society},
	institution={CONCITO}
}
@article{RefWorks:66,
	author = 	 {Saeed Hadian and Kaveh Madani},
	year = 	 {2015},
	month = 	 {May 2015},
	title = 	 {A system of systems approach to energy sustainability assessment: Are all renewables really green?},
	journal = 	 {Ecological Indicators},
	volume = 	 {52},
	number = 	 {Supplement C},
	pages = 	 {194-206},
	note = 	 {ID: 272241},
	isbn = 	 {1470-160X},
	doi={https://doi.org/10.1016/j.ecolind.2014.11.029}
}
@misc{RefWorks:67,
	author={Retsinformation},
	title={Bekendtgørelse af lov om varmeforsyning},
	year={2017},
	number={12/04}
}
@misc{RefWorks:68,
	author={Energistyrelsen},
	year={2015},
	title={Danmarks Energistrømme 2015},
	url = {https://ens.dk/sites/ens.dk/files/Statistik/flow2015-dk.pdf},
	volume={2017},
	number={December}
}
@misc{RefWorks:69,
	author={Energistyrelsen},
	year={2015},
	title={Danmarks Energistrømme 2015},
	url = {https://ens.dk/sites/ens.dk/files/Statistik/flow2015-dk.pdf},
	volume={2017},
	number={December}
}
@techreport{RefWorks:70,
	author = 	 {Nicklas Rafn},
	year = 	 {2017},
	title = 	 {Control and Performance of a High Temperature Heat and Power Storage System in the Electricity Markets},
	institution={Aarhus University}
}

@article{RefWorks:71,
	author = 	 {Danish Ministry of Energy, Utilities ans Climate},
	year = 	 {2011},
	title = 	 {Energi strategi 2050 - fra kul, olie og gas til grøn energi}
}
@misc{RefWorks:72,
	author = 	 {{Nord Pool}},
	year = 	 {2017},
	title = 	 {Consumption DK areas 2015 Hourly},
	url =  {https://www.nordpoolgroup.com/historical-market-data/},
	number = {}
}
@misc{RefWorks:73,
	author = 	 {{Energinet.dk}},
	year = 	 {2017},
	title = 	 {Electricity Balance DK Data 2016},
	url = {https://www.energidataservice.dk/dataset/electricitybalance},
	number = {}
}
@misc{RefWorks:74,
	author = 	 {{Danish Energy Agency}},
	year = 	 {2017},
	title = 	 {Energiproducenttællingen},
	url = {https://ens.dk/service/indberetninger/energidata-online},
	number = {}
}