


@article{Gorm_impact_of_CO2_PYPSA,
title = {Impact of CO2 prices on the design of a highly decarbonised coupled electricity and heating system in Europe},
journal = {Applied Energy},
volume = {236},
pages = {622 - 634},
year = {2019},
issn = {0306-2619},
doi = {https://doi.org/10.1016/j.apenergy.2018.12.016},
url = {http://www.sciencedirect.com/science/article/pii/S030626191831835X},
author = {K. Zhu and M. Victoria and T. Brown and G.B. Andresen and M. Greiner},
keywords = {Energy system modelling, Sector coupling, Heating sector, Grid integration of renewables, Transmission grid, CO tax}
}


@misc{Gurobi,
title= {Gurobi},
author = {Gurobi},
url = {https://www.gurobi.com}
}



@misc{Pypsa,
	author       = {Brown, Tom and Horsch, Jonas and Schlachtberger, David},
	title        = {Python for Power System Analysis (PyPSA) Version 0.14.1},
	month        = {may},
	year         = {2019},
	doi          = {10.5281/zenodo.3233682},
	url          = {https://doi.org/10.5281/zenodo.3233682},
}

@misc{ENTSO-E,
	author       = {European Network of Transmission System Operators},
	title        = {Country-specific hourly load data},
	month        = {October},
	year         = {2019},
	url          = {https://www.entsoe.eu/data/data-portal/},
}


@article{MGA,
title = {Modelling to generate alternatives: A technique to explore uncertainty in energy-environment-economy models},
journal = {Applied Energy},
volume = {195},
pages = {356 - 369},
year = {2017},
issn = {0306-2619},
doi = {https://doi.org/10.1016/j.apenergy.2017.03.065},
url = {http://www.sciencedirect.com/science/article/pii/S0306261917302957},
author = {James Price and Ilkka Keppo}
}

@article{FireFly_MGA_Article,
author = {Raha Imanirad, Xin-She Yang, Julian S. Yeomans},
year = {2012},
month = {10},
title = {A Co-evolutionary, Nature-Inspired Algorithm for the Concurrent Generation of Alternatives},
volume = {2},
journal = {GSTF},
doi = {10.5176/2010-3043_2.3.193}
}

@book{Bio_computation_book,
  title= {Swarm Intelligence and Bio-Inspired Computation},
  author= {Xin-She Yang, Zhihua Cui, Amir Hossein Gandomi, Mehmet Karamanoglu, Renbin Xiao },
  isbn= {9781493301362 },
  year= {2013},
  publisher= {Elsevier}
}

@book{ConvexOpimization,
author = {Stephen Boyd, Lieven Vandenberghe},
title = {Convex Optimization},
publisher = {Cambridge University Press},
year = {2004}
}

@article{Brill_MGA_1982,
author = {E. DOWNEY BRILL JR.,  SHOOU-YUH CHANGt , LEWIS D. HOPKINS},
year = {1982},
month ={3},
title = {MODELING TO GENERATE ALTERNATIVES: THE HSJ APPROACH AND AN ILLUSTRATION USING APROBLEM IN LAND USE PLANNING},
volume = {28},
journal = {Management Science},
doi = {185.45.22.249}
}

@ARTICLE{Brill_MGA_1990,
author= {E. D. Brill and J. M. Flach and L. D. Hopkins and S. Ranjithan},
journal= {IEEE Transactions on Systems, Man, and Cybernetics},
title= {MGA: a decision support system for complex, incompletely defined problems},
year= {1990},
doi= {10.1109/21.105076},
ISSN= {0018-9472},
month= {July}
}


@article{DeCarolis_MGA,
author = {Joseph F. DeCarolis},
year = {2010},
title = {Using modeling to generate alternatives (MGA) to expand our thinking on energy futures},
volume = {33},
journal = {MEnergy Economics},
doi = {10.1016/j.eneco.2010.05.002}
}

@article{BERNTSEN2017886,
title = {Ensuring diversity of national energy scenarios: Bottom-up energy system model with Modeling to Generate Alternatives},
journal = {Energy},
volume = {126},
pages = {886 - 898},
year = {2017},
issn = {0360-5442},
doi = {https://doi.org/10.1016/j.energy.2017.03.043},
url = {http://www.sciencedirect.com/science/article/pii/S0360544217304097},
author = {Philip B. Berntsen and Evelina Trutnevyte},
keywords = {Energy scenarios, Energy policy, Electricity, Diversity, Energy system models, Modeling to Generate Alternatives}
}

@article{Yavuz2011,
title = {Simulation-Optimization techniques for modelling to generate alternatives in waste management planning},
year = {2011},
journal = {Applied Operational Research},
author = {Yavuz Gunalay and Julian Scott Yeomans}
}


@article{Genetic_Algorithms_for_MGA,
author = { DANIEL H.   LOUGHLIN  and  S.   RANJI   RANJITHAN  and  E.   DOWNEY   BRILL   JR.  and  JOHN W.   BAUGH   JR. },
title = {GENETIC ALGORITHM APPROACHES FOR ADDRESSING UNMODELED OBJECTIVES IN OPTIMIZATION PROBLEMS},
journal = {Engineering Optimization},
year  = {2001},
publisher = {Taylor & Francis},
doi = {10.1080/03052150108940933}
}

@article{PyPSA_euro_30_model,
	title = {The benefits of cooperation in a highly renewable European electricity network},
	journal = {Energy},
	volume = {134},
	pages = {469 - 481},
	year = {2017},
	issn = {0360-5442},
	doi = {https://doi.org/10.1016/j.energy.2017.06.004},
	url = {http://www.sciencedirect.com/science/article/pii/S0360544217309969},
	author = {D.P. Schlachtberger and T. Brown and S. Schramm and M. Greiner}
}

@ARTICLE{spatialInfluence,
	author = {Jonas Horsch and Tom Brown},
	title = {The role of spatial scale in joint optimisations of generation and transmission for European highly renewable scenarios},
	journal = {arXiv e-prints},
	year = {2017},
	month = {May}
}

@article{DECAROLIS2016,
	title = {Modelling to generate alternatives with an energy system optimization model},
	journal = {Environmental Modelling and Software},
	volume = {79},
	year = {2016},
	issn = {1364-8152},
	author = {J.F. DeCarolis and S. Babaee and B. Li and S. Kanungo}
}


@article{Optimum_not_enough,
	title = {The optimum is not enough: A near-optimal solution paradigm for energy systems synthesis},
	journal = {Energy},
	volume = {82},
	pages = {446 - 456},
	year = {2015},
	issn = {0360-5442},
	doi = {https://doi.org/10.1016/j.energy.2015.01.055},
	url = {http://www.sciencedirect.com/science/article/pii/S0360544215000791},
	author = {Philip Voll and Mark Jennings and Maike Hennen and Nilay Shah and André Bardow}
}


@article{P_graph,
	title = {Optimisation of regional energy supply chains utilising renewables: P-graph approach},
	journal = {Computers and Chemical Engineering},
	volume = {34},
	number = {5},
	pages = {782 - 792},
	year = {2010},
	note = {Selected Paper of Symposium ESCAPE 19, June 14-17, 2009, Krakow, Poland},
	issn = {0098-1354},
	doi = {https://doi.org/10.1016/j.compchemeng.2009.11.020},
	url = {http://www.sciencedirect.com/science/article/pii/S0098135409003056},
	author = {Hon Loong Lam and Petar Sabev Varbanov and Jiří Jaromír Klemes}
}

@techreport{Schroder2013Current,
	address = {Berlin},
	author = {Andreas Schr\"{o}der and Friedrich Kunz and Jan Meiss and Roman Mendelevitch and Christian von Hirschhausen},
	copyright = {http://www.econstor.eu/dspace/Nutzungsbedingungen},
	keywords = {330},
	language = {eng},
	number = {68},
	publisher = {Deutsches Institut f\"{u}r Wirtschaftsforschung (DIW)},
	title = {Current and prospective costs of electricity generation until 2050},
	type = {DIW Data Documentation},
	url = {http://hdl.handle.net/10419/80348},
	year = {2013}
}

@article{RODRIGUEZ2014467,
	title = {Transmission needs across a fully renewable European power system},
	journal = {Renewable Energy},
	volume = {63},
	pages = {467 - 476},
	year = {2014},
	issn = {0960-1481},
	doi ={ https://doi.org/10.1016/j.renene.2013.10.005},
	url = {http://www.sciencedirect.com/science/article/pii/S0960148113005351},
	author = {Rolando A. Rodriguez and Sarah Becker and Gorm B. Andresen and Dominik Heide and Martin Greiner},
}

@article{ANDRESEN20151074,
	title = {Validation of Danish wind time series from a new global renewable energy atlas for energy system analysis},
	journal = {Energy},
	volume = {93},
	pages = {1074 - 1088},
	year = {2015},
	issn = {0360-5442},
	doi = {https://doi.org/10.1016/j.energy.2015.09.071},
	author = {Gorm B. Andresen and Anders A. Sondergaard and Martin Greiner},

}

@article{ClimateForecastSystem,
	author = {Saha, Suranjana and Moorthi, Shrinivas and Wu, Xingren and Wang, Jiande and Nadiga, Sudhir and Tripp, Patrick and Behringer, David and Hou, Yu-Tai and Chuang, Hui-ya and Iredell, Mark and Ek, Michael and Meng, Jesse and Yang, Rongqian and Mendez, Malaquias Pena and van den Dool, Huug and Zhang, Qin and Wang, Wanqiu and Chen, Mingyue and Becker, Emily},
	title = {The NCEP Climate Forecast System Version 2},
	journal = {Journal of Climate},
	volume = {27},
	number = {6},
	pages = {2185-2208},
	year = {2014},
	doi = {10.1175/JCLI-D-12-00823.1},
	URL = {https://doi.org/10.1175/JCLI-D-12-00823.1},
	eprint = {https://doi.org/10.1175/JCLI-D-12-00823.1},
}

@article{HAGSPIEL2014654,
	title = {Cost-optimal power system extension under flow-based market coupling},
	journal = {Energy},
	volume = {66},
	pages = {654 - 666},
	year = {2014},
	issn = {0360-5442},
	doi = {https://doi.org/10.1016/j.energy.2014.01.025},
	url = {http://www.sciencedirect.com/science/article/pii/S0360544214000322},
	author = {S. Hagspiel and C. Jagemann and D. Lindenberger and T. Brown and S. Cherevatskiy and E. Troster}
}

@article{rasmussen2011a,
	title = {Optimal Combination of Storage and Balancing in a 100\% Renewable European Power System},
	language = {eng},
	publisher = {Energynautics},
	author = {Rasmussen, Morten Grud and Bruun Andresen, Gorm and Heide, Dominik and Greiner, Martin},
	journal = {Proceedings of the 10th International Workshop on Large-scale Integration of Wind Power Into Power Systems As Well As on Transmission Networks for Offshore Wind Power Plants},
	pages = {682-684},
	year = {2011},
	isbn = {9783981387032}
}

@article{eea_co2_emission,
	title = {Annual European Union greenhouse gas inventory 1990 – 2015 and inventory report 2017},
	author = {European Environment Agency},
	year ={2017},
	jurnal = {},
	url =  {https://www.eea.europa.eu/publications/european-union-greenhouse-gas-inventory-2017#tab-data-visualisations}
}

